@article{dehnel2018security,
  title={Security vulnerability in 5G-AKA draft},
  author={Dehnel-Wild, Martin and Cremers, Cas},
  journal={Department of Computer Science, University of Oxford, Tech. Rep},
  year={2018}
}
